@inproceedings{Hendler:2010:FCS:1810479.1810540,
 author = {Hendler, Danny and Incze, Itai and Shavit, Nir and Tzafrir, Moran},
 title = {Flat Combining and the Synchronization-parallelism Tradeoff},
 booktitle = {Proceedings of the Twenty-second Annual ACM Symposium on Parallelism in Algorithms and Architectures},
 series = {SPAA '10},
 year = {2010},
 isbn = {978-1-4503-0079-7},
 location = {Thira, Santorini, Greece},
 pages = {355--364},
 numpages = {10},
 url = {http://doi.acm.org/10.1145/1810479.1810540},
 doi = {10.1145/1810479.1810540},
 acmid = {1810540},
 publisher = {ACM},
 address = {New York, NY, USA},
 keywords = {concurrent data-structures, multiprocessors, synchronization},
} 

@inproceedings{Spiegelman:2016:TDS:2908080.2908112,
 author = {Spiegelman, Alexander and Golan-Gueta, Guy and Keidar, Idit},
 title = {Transactional Data Structure Libraries},
 booktitle = {Proceedings of the 37th ACM SIGPLAN Conference on Programming Language Design and Implementation},
 series = {PLDI '16},
 year = {2016},
 isbn = {978-1-4503-4261-2},
 location = {Santa Barbara, CA, USA},
 pages = {682--696},
 numpages = {15},
 url = {http://doi.acm.org/10.1145/2908080.2908112},
 doi = {10.1145/2908080.2908112},
 acmid = {2908112},
 publisher = {ACM},
 address = {New York, NY, USA},
 keywords = {Concurrency, data structures, semantics, transactions},
} 

@inproceedings{Herman:2016:TTF:2901318.2901348,
 author = {Herman, Nathaniel and Inala, Jeevana Priya and Huang, Yihe and Tsai, Lillian and Kohler, Eddie and Liskov, Barbara and Shrira, Liuba},
 title = {Type-aware Transactions for Faster Concurrent Code},
 booktitle = {Proceedings of the Eleventh European Conference on Computer Systems},
 series = {EuroSys '16},
 year = {2016},
 isbn = {978-1-4503-4240-7},
 location = {London, United Kingdom},
 pages = {31:1--31:16},
 articleno = {31},
 numpages = {16},
 url = {http://doi.acm.org/10.1145/2901318.2901348},
 doi = {10.1145/2901318.2901348},
 acmid = {2901348},
 publisher = {ACM},
 address = {New York, NY, USA},
} 

